@article{Scaramuzza2011VO,
author = {Scaramuzza, Davide and Fraundorfer, Friedrich},
journal = {IEEE Robotics and Automation Magazine},
number = {December},
title = {{Visual Odometry, Part I: The First 30 Years and Fundamentals [Tutorial]}},
year = {2011}
}
@article{FischlerBolles1981,
author = {Fischler, Martin A and Bolles, Robert C},
journal = {Communications of the ACM},
number = {6},
pages = {381--395},
title = {{Random Sample Consensus: A Paradigm for Model Fitting with Applications to Image Analysis and Automated Cartography}},
volume = {24},
year = {1981}
}
@article{Kneip2011P3P,
author = {Kneip, Laurent and Scaramuzza, Davide and Siegwart, Roland},
journal = {Proc. IEEE Conf. on Computer Vision and Pattern Recognition},
title = {{A Novel Parametrization of the Perspective-Three-Point Problem for a Direct Computation of Absolute Camera Position and Orientation}},
year = {2011}
}
@article{Kneip2011VO,
author = {Kneip, Laurent and Chli, Margarita and Siegwart, Roland},
journal = {Proc. British Machine Vision Conference},
title = {{Robust Real-Time Visual Odometry with a Single Camera and an IMU}},
year = {2011}
}
@article{Klein2009,
author = {Klein, Georg and Murray, David},
doi = {10.1109/ISMAR.2009.5336495},
isbn = {978-1-4244-5390-0},
journal = {IEEE Int. Symposium on Mixed and Augmented Reality},
month = oct,
pages = {83--86},
publisher = {Ieee},
title = {{Parallel Tracking and Mapping on a Camera Phone}},
url = {http://ieeexplore.ieee.org/lpdocs/epic03/wrapper.htm?arnumber=5336495},
year = {2009}
}
@article{Mouragnon2006,
author = {Mouragnon, Etienne and Lhuillier, Maxime and Dhome, Michel and Dekeyser, Fabien and Sayd, Patrick},
isbn = {0-7803-9505-0},
journal = {Proceedings of the 2006 IEEE International Conference on Robotics and Automation},
mendeley-groups = {13IROS-csfm},
pages = {3055--3061},
publisher = {Ieee},
title = {{3D Reconstruction of Complex Structures with Bundle Adjustment: an Incremental Approach}},
year = {2006}
}
@MISC{Lowe2003SIFT,
author = {David G. Lowe},
title = {Distinctive Image Features from Scale-Invariant Keypoints},
journal = {International Journal of Computer Vision},
volume = {60},
number = {2},
year = {2003}
}